%YAML 1.1
%TAG !u! tag:unity3d.com,2011:
--- !u!1 &926211611884973347
GameObject:
  m_ObjectHideFlags: 0
  m_CorrespondingSourceObject: {fileID: 0}
  m_PrefabInstance: {fileID: 0}
  m_PrefabAsset: {fileID: 0}
  serializedVersion: 6
  m_Component:
  - component: {fileID: 1607719952286735509}
  - component: {fileID: 4182357518609804268}
  - component: {fileID: 6101723948349285243}
  m_Layer: 0
  m_Name: Circle
  m_TagString: Untagged
  m_Icon: {fileID: 0}
  m_NavMeshLayer: 0
  m_StaticEditorFlags: 0
  m_IsActive: 1
--- !u!4 &1607719952286735509
Transform:
  m_ObjectHideFlags: 0
  m_CorrespondingSourceObject: {fileID: 0}
  m_PrefabInstance: {fileID: 0}
  m_PrefabAsset: {fileID: 0}
  m_GameObject: {fileID: 926211611884973347}
  m_LocalRotation: {x: 0.000000021855696, y: 0, z: -0, w: 1}
  m_LocalPosition: {x: -0.3006756, y: 2.4384232, z: -1.7641097}
  m_LocalScale: {x: 116.27716, y: 116.27716, z: 116.27716}
  m_Children: []
  m_Father: {fileID: 5941720228717757744}
  m_RootOrder: 0
  m_LocalEulerAnglesHint: {x: 0, y: 0, z: 0}
--- !u!33 &4182357518609804268
MeshFilter:
  m_ObjectHideFlags: 0
  m_CorrespondingSourceObject: {fileID: 0}
  m_PrefabInstance: {fileID: 0}
  m_PrefabAsset: {fileID: 0}
  m_GameObject: {fileID: 926211611884973347}
  m_Mesh: {fileID: -2124705421725058983, guid: 67230809533d5284482054a9ec5a19c0, type: 3}
--- !u!23 &6101723948349285243
MeshRenderer:
  m_ObjectHideFlags: 0
  m_CorrespondingSourceObject: {fileID: 0}
  m_PrefabInstance: {fileID: 0}
  m_PrefabAsset: {fileID: 0}
  m_GameObject: {fileID: 926211611884973347}
  m_Enabled: 1
  m_CastShadows: 1
  m_ReceiveShadows: 1
  m_DynamicOccludee: 1
  m_MotionVectors: 1
  m_LightProbeUsage: 1
  m_ReflectionProbeUsage: 1
  m_RenderingLayerMask: 1
  m_RendererPriority: 0
  m_Materials:
  - {fileID: 2100000, guid: 0ff366284163dae4aa12c0c8c7880af6, type: 2}
  m_StaticBatchInfo:
    firstSubMesh: 0
    subMeshCount: 0
  m_StaticBatchRoot: {fileID: 0}
  m_ProbeAnchor: {fileID: 0}
  m_LightProbeVolumeOverride: {fileID: 0}
  m_ScaleInLightmap: 1
  m_PreserveUVs: 0
  m_IgnoreNormalsForChartDetection: 0
  m_ImportantGI: 0
  m_StitchLightmapSeams: 1
  m_SelectedEditorRenderState: 3
  m_MinimumChartSize: 4
  m_AutoUVMaxDistance: 0.5
  m_AutoUVMaxAngle: 89
  m_LightmapParameters: {fileID: 0}
  m_SortingLayerID: 0
  m_SortingLayer: 0
  m_SortingOrder: 0
--- !u!1 &1661704979320905929
GameObject:
  m_ObjectHideFlags: 0
  m_CorrespondingSourceObject: {fileID: 0}
  m_PrefabInstance: {fileID: 0}
  m_PrefabAsset: {fileID: 0}
  serializedVersion: 6
  m_Component:
  - component: {fileID: 1661704979320905930}
  - component: {fileID: 6047606713412444181}
  - component: {fileID: 1661704979320905925}
  - component: {fileID: 5971331470205595214}
  - component: {fileID: 8471270217933869881}
  m_Layer: 0
  m_Name: MonoclePrefab
  m_TagString: Untagged
  m_Icon: {fileID: 0}
  m_NavMeshLayer: 0
  m_StaticEditorFlags: 0
  m_IsActive: 1
--- !u!4 &1661704979320905930
Transform:
  m_ObjectHideFlags: 0
  m_CorrespondingSourceObject: {fileID: 0}
  m_PrefabInstance: {fileID: 0}
  m_PrefabAsset: {fileID: 0}
  m_GameObject: {fileID: 1661704979320905929}
  m_LocalRotation: {x: 0, y: 0, z: 0, w: 1}
  m_LocalPosition: {x: 0, y: 0, z: 0}
  m_LocalScale: {x: 1, y: 1, z: 1}
  m_Children:
  - {fileID: 5941720228717757744}
  - {fileID: 2801148297143264427}
  m_Father: {fileID: 0}
  m_RootOrder: 0
  m_LocalEulerAnglesHint: {x: 0, y: 0, z: 0}
--- !u!114 &6047606713412444181
MonoBehaviour:
  m_ObjectHideFlags: 0
  m_CorrespondingSourceObject: {fileID: 0}
  m_PrefabInstance: {fileID: 0}
  m_PrefabAsset: {fileID: 0}
  m_GameObject: {fileID: 1661704979320905929}
  m_Enabled: 1
  m_EditorHideFlags: 0
  m_Script: {fileID: 11500000, guid: 7a5388a50adfc4977b049de24b322530, type: 3}
  m_Name: 
  m_EditorClassIdentifier: 
  MaskType: 2
  Translation: {x: 0, y: 0, z: 0}
  Rotation: {x: 0, y: 0, z: 0}
  faceMaskIndex: 0
--- !u!114 &1661704979320905925
MonoBehaviour:
  m_ObjectHideFlags: 0
  m_CorrespondingSourceObject: {fileID: 0}
  m_PrefabInstance: {fileID: 0}
  m_PrefabAsset: {fileID: 0}
  m_GameObject: {fileID: 1661704979320905929}
  m_Enabled: 1
  m_EditorHideFlags: 0
  m_Script: {fileID: 11500000, guid: b9c702b4b4ef742bca3cd8b596d504c1, type: 3}
  m_Name: 
  m_EditorClassIdentifier: 
  FaceIndex: 0
  NoseWrinkles: 0
  JawXPush: 0
  JawDrop: 0
  LowerLipDrop: 0
  UpperLipDrop: 0
  LipStretcherLeft: 0
  LipCornerDepressor: 0
  LeftOuterBrowRaiser: 0
  LeftInnerBrowsRaiser: 0
  LeftBrowLowerer: 0
  LeftEyeClosed: 0
  RotateEyesLeft: 0
  RotateEyesDown: 0
  LowerLipXPush: 0
  LipStretcherRight: 0
  RightOuterBrowRaiser: 0
  RightInnerBrowRaiser: 0
  RightBrowLowerer: 0
  RightEyeClosed: 0
--- !u!114 &5971331470205595214
MonoBehaviour:
  m_ObjectHideFlags: 0
  m_CorrespondingSourceObject: {fileID: 0}
  m_PrefabInstance: {fileID: 0}
  m_PrefabAsset: {fileID: 0}
  m_GameObject: {fileID: 1661704979320905929}
  m_Enabled: 1
  m_EditorHideFlags: 0
  m_Script: {fileID: 11500000, guid: 51d854a5786704e30acfb50102e546cb, type: 3}
  m_Name: 
  m_EditorClassIdentifier: 
  FaceActions:
  - Type: 10
    Condition: 1
    Value: 0.2
  - Type: 20
    Condition: 2
    Value: 0.05
  Effect:
    Effect: {fileID: 7218815871050807075}
    Type: 1
    animationTriggerActivate: 
    animationTriggerDeactivate: 
    shouldWaitBeforeDeactivate: 1
    waitBeforeDeactivateDelay: 3
--- !u!114 &8471270217933869881
MonoBehaviour:
  m_ObjectHideFlags: 0
  m_CorrespondingSourceObject: {fileID: 0}
  m_PrefabInstance: {fileID: 0}
  m_PrefabAsset: {fileID: 0}
  m_GameObject: {fileID: 1661704979320905929}
  m_Enabled: 1
  m_EditorHideFlags: 0
  m_Script: {fileID: 11500000, guid: 51d854a5786704e30acfb50102e546cb, type: 3}
  m_Name: 
  m_EditorClassIdentifier: 
  FaceActions:
  - Type: 10
    Condition: 2
    Value: 0.05
  - Type: 20
    Condition: 1
    Value: 0.2
  Effect:
    Effect: {fileID: 2315926328435018988}
    Type: 1
    animationTriggerActivate: 
    animationTriggerDeactivate: 
    shouldWaitBeforeDeactivate: 1
    waitBeforeDeactivateDelay: 3
--- !u!1 &1935396462997838499
GameObject:
  m_ObjectHideFlags: 0
  m_CorrespondingSourceObject: {fileID: 0}
  m_PrefabInstance: {fileID: 0}
  m_PrefabAsset: {fileID: 0}
  serializedVersion: 6
  m_Component:
  - component: {fileID: 4660049333286030222}
  - component: {fileID: 9193968190646536584}
  - component: {fileID: 1269690637273129582}
  - component: {fileID: 1356538195977214358}
  m_Layer: 0
  m_Name: Circle.001
  m_TagString: Untagged
  m_Icon: {fileID: 0}
  m_NavMeshLayer: 0
  m_StaticEditorFlags: 0
  m_IsActive: 1
--- !u!4 &4660049333286030222
Transform:
  m_ObjectHideFlags: 0
  m_CorrespondingSourceObject: {fileID: 0}
  m_PrefabInstance: {fileID: 0}
  m_PrefabAsset: {fileID: 0}
  m_GameObject: {fileID: 1935396462997838499}
  m_LocalRotation: {x: 0.000000021855694, y: 0, z: -0, w: 1}
  m_LocalPosition: {x: -0.3006756, y: 2.4384232, z: -1.7641097}
  m_LocalScale: {x: 100, y: 100, z: 100}
  m_Children: []
  m_Father: {fileID: 2801148297143264427}
  m_RootOrder: 1
  m_LocalEulerAnglesHint: {x: 0, y: 0, z: 0}
--- !u!33 &9193968190646536584
MeshFilter:
  m_ObjectHideFlags: 0
  m_CorrespondingSourceObject: {fileID: 0}
  m_PrefabInstance: {fileID: 0}
  m_PrefabAsset: {fileID: 0}
  m_GameObject: {fileID: 1935396462997838499}
  m_Mesh: {fileID: 8314571269056883277, guid: 67230809533d5284482054a9ec5a19c0, type: 3}
--- !u!183 &1269690637273129582
Cloth:
  m_ObjectHideFlags: 0
  m_CorrespondingSourceObject: {fileID: 0}
  m_PrefabInstance: {fileID: 0}
  m_PrefabAsset: {fileID: 0}
  m_GameObject: {fileID: 1935396462997838499}
  m_Enabled: 1
  m_StretchingStiffness: 1
  m_BendingStiffness: 1
  m_UseTethers: 0
  m_UseGravity: 1
  m_Damping: 0.3
  m_ExternalAcceleration: {x: 0, y: 0, z: 0}
  m_RandomAcceleration: {x: 0, y: 0, z: 0}
  m_WorldVelocityScale: 0.5
  m_WorldAccelerationScale: 1
  m_Friction: 0.7
  m_CollisionMassScale: 0
  m_UseContinuousCollision: 1
  m_UseVirtualParticles: 1
  m_SolverFrequency: 120
  m_SleepThreshold: 0.2
  m_Coefficients:
  - maxDistance: 0
    collisionSphereDistance: 0
  - maxDistance: 0
    collisionSphereDistance: 0
  - maxDistance: 0
    collisionSphereDistance: 0
  - maxDistance: 0
    collisionSphereDistance: 0
  - maxDistance: 0
    collisionSphereDistance: 0
  - maxDistance: 0
    collisionSphereDistance: 0
  - maxDistance: 0
    collisionSphereDistance: 0
  - maxDistance: 0
    collisionSphereDistance: 0
  - maxDistance: 0
    collisionSphereDistance: 0
  - maxDistance: 0
    collisionSphereDistance: 0
  - maxDistance: 0
    collisionSphereDistance: 0
  - maxDistance: 0
    collisionSphereDistance: 0
  - maxDistance: 0
    collisionSphereDistance: 0
  - maxDistance: 0
    collisionSphereDistance: 0
  - maxDistance: 0.1
    collisionSphereDistance: 3.4028235e+38
  - maxDistance: 0.1
    collisionSphereDistance: 3.4028235e+38
  - maxDistance: 0.1
    collisionSphereDistance: 3.4028235e+38
  - maxDistance: 0.1
    collisionSphereDistance: 3.4028235e+38
  - maxDistance: 0.1
    collisionSphereDistance: 3.4028235e+38
  - maxDistance: 0.1
    collisionSphereDistance: 3.4028235e+38
  - maxDistance: 0.1
    collisionSphereDistance: 3.4028235e+38
  - maxDistance: 0.1
    collisionSphereDistance: 3.4028235e+38
  - maxDistance: 0.1
    collisionSphereDistance: 3.4028235e+38
  - maxDistance: 0.1
    collisionSphereDistance: 3.4028235e+38
  - maxDistance: 0.1
    collisionSphereDistance: 3.4028235e+38
  - maxDistance: 0.1
    collisionSphereDistance: 3.4028235e+38
  - maxDistance: 0.1
    collisionSphereDistance: 3.4028235e+38
  - maxDistance: 0.1
    collisionSphereDistance: 3.4028235e+38
  - maxDistance: 0.1
    collisionSphereDistance: 3.4028235e+38
  - maxDistance: 0.1
    collisionSphereDistance: 3.4028235e+38
  - maxDistance: 0.1
    collisionSphereDistance: 3.4028235e+38
  - maxDistance: 0.1
    collisionSphereDistance: 3.4028235e+38
  - maxDistance: 0.1
    collisionSphereDistance: 3.4028235e+38
  - maxDistance: 0.1
    collisionSphereDistance: 3.4028235e+38
  - maxDistance: 0.1
    collisionSphereDistance: 3.4028235e+38
  - maxDistance: 0.1
    collisionSphereDistance: 3.4028235e+38
  - maxDistance: 0.1
    collisionSphereDistance: 3.4028235e+38
  - maxDistance: 0.1
    collisionSphereDistance: 3.4028235e+38
  - maxDistance: 0.1
    collisionSphereDistance: 3.4028235e+38
  - maxDistance: 0.1
    collisionSphereDistance: 3.4028235e+38
  - maxDistance: 0.1
    collisionSphereDistance: 3.4028235e+38
  - maxDistance: 0.1
    collisionSphereDistance: 3.4028235e+38
  - maxDistance: 0.1
    collisionSphereDistance: 3.4028235e+38
  - maxDistance: 0.1
    collisionSphereDistance: 3.4028235e+38
  - maxDistance: 0.1
    collisionSphereDistance: 3.4028235e+38
  - maxDistance: 0.1
    collisionSphereDistance: 3.4028235e+38
  - maxDistance: 0.1
    collisionSphereDistance: 3.4028235e+38
  - maxDistance: 0.1
    collisionSphereDistance: 3.4028235e+38
  - maxDistance: 0.1
    collisionSphereDistance: 3.4028235e+38
  - maxDistance: 0.1
    collisionSphereDistance: 3.4028235e+38
  - maxDistance: 0.1
    collisionSphereDistance: 3.4028235e+38
  - maxDistance: 0.1
    collisionSphereDistance: 3.4028235e+38
  - maxDistance: 0.1
    collisionSphereDistance: 3.4028235e+38
  - maxDistance: 0.1
    collisionSphereDistance: 3.4028235e+38
  - maxDistance: 0.1
    collisionSphereDistance: 3.4028235e+38
  - maxDistance: 0.1
    collisionSphereDistance: 3.4028235e+38
  - maxDistance: 0.1
    collisionSphereDistance: 3.4028235e+38
  - maxDistance: 0.1
    collisionSphereDistance: 3.4028235e+38
  - maxDistance: 0.1
    collisionSphereDistance: 3.4028235e+38
  - maxDistance: 0.1
    collisionSphereDistance: 3.4028235e+38
  - maxDistance: 0.1
    collisionSphereDistance: 3.4028235e+38
  - maxDistance: 0.1
    collisionSphereDistance: 3.4028235e+38
  - maxDistance: 0.1
    collisionSphereDistance: 3.4028235e+38
  - maxDistance: 0.1
    collisionSphereDistance: 3.4028235e+38
  - maxDistance: 0.1
    collisionSphereDistance: 3.4028235e+38
  - maxDistance: 0.1
    collisionSphereDistance: 3.4028235e+38
  - maxDistance: 0
    collisionSphereDistance: 0
  - maxDistance: 0
    collisionSphereDistance: 0
  - maxDistance: 0
    collisionSphereDistance: 0
  - maxDistance: 0
    collisionSphereDistance: 0
  - maxDistance: 0
    collisionSphereDistance: 0
  - maxDistance: 0
    collisionSphereDistance: 0
  - maxDistance: 0.1
    collisionSphereDistance: 3.4028235e+38
  - maxDistance: 0.1
    collisionSphereDistance: 3.4028235e+38
  - maxDistance: 0.1
    collisionSphereDistance: 3.4028235e+38
  - maxDistance: 0.1
    collisionSphereDistance: 3.4028235e+38
  - maxDistance: 0.1
    collisionSphereDistance: 3.4028235e+38
  - maxDistance: 0.1
    collisionSphereDistance: 3.4028235e+38
  - maxDistance: 0.1
    collisionSphereDistance: 3.4028235e+38
  - maxDistance: 0.1
    collisionSphereDistance: 3.4028235e+38
  - maxDistance: 0.1
    collisionSphereDistance: 3.4028235e+38
  - maxDistance: 0.1
    collisionSphereDistance: 3.4028235e+38
  - maxDistance: 0.1
    collisionSphereDistance: 3.4028235e+38
  - maxDistance: 0.1
    collisionSphereDistance: 3.4028235e+38
  - maxDistance: 0.1
    collisionSphereDistance: 3.4028235e+38
  - maxDistance: 0.1
    collisionSphereDistance: 3.4028235e+38
  - maxDistance: 0.1
    collisionSphereDistance: 3.4028235e+38
  - maxDistance: 0.1
    collisionSphereDistance: 3.4028235e+38
  - maxDistance: 0.1
    collisionSphereDistance: 3.4028235e+38
  - maxDistance: 0.1
    collisionSphereDistance: 3.4028235e+38
  - maxDistance: 0.1
    collisionSphereDistance: 3.4028235e+38
  - maxDistance: 0.1
    collisionSphereDistance: 3.4028235e+38
  - maxDistance: 0.1
    collisionSphereDistance: 3.4028235e+38
  - maxDistance: 0.1
    collisionSphereDistance: 3.4028235e+38
  - maxDistance: 0.1
    collisionSphereDistance: 3.4028235e+38
  - maxDistance: 0.1
    collisionSphereDistance: 3.4028235e+38
  - maxDistance: 0.1
    collisionSphereDistance: 3.4028235e+38
  - maxDistance: 0.1
    collisionSphereDistance: 3.4028235e+38
  - maxDistance: 0.1
    collisionSphereDistance: 3.4028235e+38
  - maxDistance: 0.1
    collisionSphereDistance: 3.4028235e+38
  - maxDistance: 0.1
    collisionSphereDistance: 3.4028235e+38
  - maxDistance: 0.1
    collisionSphereDistance: 3.4028235e+38
  - maxDistance: 0.1
    collisionSphereDistance: 3.4028235e+38
  - maxDistance: 0.1
    collisionSphereDistance: 3.4028235e+38
  - maxDistance: 0.1
    collisionSphereDistance: 3.4028235e+38
  - maxDistance: 0.1
    collisionSphereDistance: 3.4028235e+38
  - maxDistance: 0.1
    collisionSphereDistance: 3.4028235e+38
  - maxDistance: 0.1
    collisionSphereDistance: 3.4028235e+38
  - maxDistance: 0.1
    collisionSphereDistance: 3.4028235e+38
  - maxDistance: 0.1
    collisionSphereDistance: 3.4028235e+38
  - maxDistance: 0.1
    collisionSphereDistance: 3.4028235e+38
  - maxDistance: 0.1
    collisionSphereDistance: 3.4028235e+38
  - maxDistance: 0.1
    collisionSphereDistance: 3.4028235e+38
  - maxDistance: 0.1
    collisionSphereDistance: 3.4028235e+38
  - maxDistance: 0.1
    collisionSphereDistance: 3.4028235e+38
  - maxDistance: 0.1
    collisionSphereDistance: 3.4028235e+38
  - maxDistance: 0.1
    collisionSphereDistance: 3.4028235e+38
  - maxDistance: 0.1
    collisionSphereDistance: 3.4028235e+38
  - maxDistance: 0.1
    collisionSphereDistance: 3.4028235e+38
  - maxDistance: 0.1
    collisionSphereDistance: 3.4028235e+38
  - maxDistance: 0.1
    collisionSphereDistance: 3.4028235e+38
  - maxDistance: 0.1
    collisionSphereDistance: 3.4028235e+38
  - maxDistance: 0.1
    collisionSphereDistance: 3.4028235e+38
  - maxDistance: 0.1
    collisionSphereDistance: 3.4028235e+38
  - maxDistance: 0
    collisionSphereDistance: 0
  - maxDistance: 0
    collisionSphereDistance: 0
  - maxDistance: 0
    collisionSphereDistance: 0
  - maxDistance: 0
    collisionSphereDistance: 0
  - maxDistance: 0
    collisionSphereDistance: 0
  - maxDistance: 0
    collisionSphereDistance: 0
  - maxDistance: 0
    collisionSphereDistance: 0
  - maxDistance: 0
    collisionSphereDistance: 0
  - maxDistance: 0
    collisionSphereDistance: 0
  - maxDistance: 0
    collisionSphereDistance: 0
  - maxDistance: 0
    collisionSphereDistance: 0
  - maxDistance: 0
    collisionSphereDistance: 0
  m_CapsuleColliders: []
  m_SphereColliders: []
  m_SelfCollisionDistance: 0
  m_SelfCollisionStiffness: 1
  m_SelfAndInterCollisionIndices: 
  m_VirtualParticleWeights:
  - {x: 0.33333334, y: 0.33333334, z: 0.33333334}
  - {x: 0.6666667, y: 0.16666667, z: 0.16666667}
  - {x: 0.5, y: 0.5, z: 0}
  - {x: 0.33333334, y: 0.33333334, z: 0.33333334}
  - {x: 0.6666667, y: 0.16666667, z: 0.16666667}
  - {x: 0.5, y: 0.5, z: 0}
  - {x: 0.33333334, y: 0.33333334, z: 0.33333334}
  - {x: 0.6666667, y: 0.16666667, z: 0.16666667}
  - {x: 0.5, y: 0.5, z: 0}
  m_VirtualParticleIndices: 
--- !u!137 &1356538195977214358
SkinnedMeshRenderer:
  m_ObjectHideFlags: 0
  m_CorrespondingSourceObject: {fileID: 0}
  m_PrefabInstance: {fileID: 0}
  m_PrefabAsset: {fileID: 0}
  m_GameObject: {fileID: 1935396462997838499}
  m_Enabled: 1
  m_CastShadows: 1
  m_ReceiveShadows: 1
  m_DynamicOccludee: 1
  m_MotionVectors: 1
  m_LightProbeUsage: 1
  m_ReflectionProbeUsage: 1
  m_RenderingLayerMask: 1
  m_RendererPriority: 0
  m_Materials:
  - {fileID: 2100000, guid: 11323df7aed27e64e9097cde8258069a, type: 2}
  m_StaticBatchInfo:
    firstSubMesh: 0
    subMeshCount: 0
  m_StaticBatchRoot: {fileID: 0}
  m_ProbeAnchor: {fileID: 0}
  m_LightProbeVolumeOverride: {fileID: 0}
  m_ScaleInLightmap: 1
  m_PreserveUVs: 0
  m_IgnoreNormalsForChartDetection: 0
  m_ImportantGI: 0
  m_StitchLightmapSeams: 1
  m_SelectedEditorRenderState: 3
  m_MinimumChartSize: 4
  m_AutoUVMaxDistance: 0.5
  m_AutoUVMaxAngle: 89
  m_LightmapParameters: {fileID: 0}
  m_SortingLayerID: 0
  m_SortingLayer: 0
  m_SortingOrder: 0
  serializedVersion: 2
  m_Quality: 0
  m_UpdateWhenOffscreen: 0
  m_SkinnedMotionVectors: 1
  m_Mesh: {fileID: 8314571269056883277, guid: 67230809533d5284482054a9ec5a19c0, type: 3}
  m_Bones: []
  m_BlendShapeWeights: []
  m_RootBone: {fileID: 0}
  m_AABB:
    m_Center: {x: 0.013160743, y: -0.041195236, z: -0.0015234225}
    m_Extent: {x: 0.00064895675, y: 0.02914884, z: 0.0024398274}
  m_DirtyAABB: 0
--- !u!1 &2315926328435018988
GameObject:
  m_ObjectHideFlags: 0
  m_CorrespondingSourceObject: {fileID: 0}
  m_PrefabInstance: {fileID: 0}
  m_PrefabAsset: {fileID: 0}
  serializedVersion: 6
  m_Component:
  - component: {fileID: 2801148297143264427}
  m_Layer: 0
  m_Name: monocleRight
  m_TagString: Untagged
  m_Icon: {fileID: 0}
  m_NavMeshLayer: 0
  m_StaticEditorFlags: 0
  m_IsActive: 0
--- !u!4 &2801148297143264427
Transform:
  m_ObjectHideFlags: 0
  m_CorrespondingSourceObject: {fileID: 0}
  m_PrefabInstance: {fileID: 0}
  m_PrefabAsset: {fileID: 0}
  m_GameObject: {fileID: 2315926328435018988}
  m_LocalRotation: {x: -0, y: 0, z: 0, w: 1}
  m_LocalPosition: {x: 0.0424, y: -0.0508, z: 0.034}
  m_LocalScale: {x: 0.02, y: 0.02, z: 0.02}
  m_Children:
  - {fileID: 8016852266350918294}
  - {fileID: 4660049333286030222}
  - {fileID: 2260357828422265132}
  m_Father: {fileID: 1661704979320905930}
  m_RootOrder: 1
  m_LocalEulerAnglesHint: {x: 0, y: 0, z: 0}
--- !u!1 &2902096109355047165
GameObject:
  m_ObjectHideFlags: 0
  m_CorrespondingSourceObject: {fileID: 0}
  m_PrefabInstance: {fileID: 0}
  m_PrefabAsset: {fileID: 0}
  serializedVersion: 6
  m_Component:
  - component: {fileID: 2260357828422265132}
  - component: {fileID: 1059820014673505515}
  - component: {fileID: 4647551788609487376}
  m_Layer: 0
  m_Name: Circle.002
  m_TagString: Untagged
  m_Icon: {fileID: 0}
  m_NavMeshLayer: 0
  m_StaticEditorFlags: 0
  m_IsActive: 1
--- !u!4 &2260357828422265132
Transform:
  m_ObjectHideFlags: 0
  m_CorrespondingSourceObject: {fileID: 0}
  m_PrefabInstance: {fileID: 0}
  m_PrefabAsset: {fileID: 0}
  m_GameObject: {fileID: 2902096109355047165}
  m_LocalRotation: {x: 0.000000021855696, y: 0, z: -0, w: 1}
  m_LocalPosition: {x: -0.3006756, y: 2.4384232, z: -1.7641097}
  m_LocalScale: {x: 116.27716, y: 116.27716, z: 116.27716}
  m_Children: []
  m_Father: {fileID: 2801148297143264427}
  m_RootOrder: 2
  m_LocalEulerAnglesHint: {x: 0, y: 0, z: 0}
--- !u!33 &1059820014673505515
MeshFilter:
  m_ObjectHideFlags: 0
  m_CorrespondingSourceObject: {fileID: 0}
  m_PrefabInstance: {fileID: 0}
  m_PrefabAsset: {fileID: 0}
  m_GameObject: {fileID: 2902096109355047165}
  m_Mesh: {fileID: 8999911773206952699, guid: 67230809533d5284482054a9ec5a19c0, type: 3}
--- !u!23 &4647551788609487376
MeshRenderer:
  m_ObjectHideFlags: 0
  m_CorrespondingSourceObject: {fileID: 0}
  m_PrefabInstance: {fileID: 0}
  m_PrefabAsset: {fileID: 0}
  m_GameObject: {fileID: 2902096109355047165}
  m_Enabled: 1
  m_CastShadows: 1
  m_ReceiveShadows: 1
  m_DynamicOccludee: 1
  m_MotionVectors: 1
  m_LightProbeUsage: 1
  m_ReflectionProbeUsage: 1
  m_RenderingLayerMask: 1
  m_RendererPriority: 0
  m_Materials:
  - {fileID: 2100000, guid: 0ff366284163dae4aa12c0c8c7880af6, type: 2}
  m_StaticBatchInfo:
    firstSubMesh: 0
    subMeshCount: 0
  m_StaticBatchRoot: {fileID: 0}
  m_ProbeAnchor: {fileID: 0}
  m_LightProbeVolumeOverride: {fileID: 0}
  m_ScaleInLightmap: 1
  m_PreserveUVs: 0
  m_IgnoreNormalsForChartDetection: 0
  m_ImportantGI: 0
  m_StitchLightmapSeams: 1
  m_SelectedEditorRenderState: 3
  m_MinimumChartSize: 4
  m_AutoUVMaxDistance: 0.5
  m_AutoUVMaxAngle: 89
  m_LightmapParameters: {fileID: 0}
  m_SortingLayerID: 0
  m_SortingLayer: 0
  m_SortingOrder: 0
--- !u!1 &3101958615689887070
GameObject:
  m_ObjectHideFlags: 0
  m_CorrespondingSourceObject: {fileID: 0}
  m_PrefabInstance: {fileID: 0}
  m_PrefabAsset: {fileID: 0}
  serializedVersion: 6
  m_Component:
  - component: {fileID: 3529023734285656423}
  - component: {fileID: 1569817068014301591}
  - component: {fileID: 1410727852024813148}
  m_Layer: 0
  m_Name: Circle.002
  m_TagString: Untagged
  m_Icon: {fileID: 0}
  m_NavMeshLayer: 0
  m_StaticEditorFlags: 0
  m_IsActive: 1
--- !u!4 &3529023734285656423
Transform:
  m_ObjectHideFlags: 0
  m_CorrespondingSourceObject: {fileID: 0}
  m_PrefabInstance: {fileID: 0}
  m_PrefabAsset: {fileID: 0}
  m_GameObject: {fileID: 3101958615689887070}
  m_LocalRotation: {x: 0.000000021855696, y: 0, z: -0, w: 1}
  m_LocalPosition: {x: -0.3006756, y: 2.4384232, z: -1.7641097}
  m_LocalScale: {x: 116.27716, y: 116.27716, z: 116.27716}
  m_Children: []
  m_Father: {fileID: 5941720228717757744}
  m_RootOrder: 2
  m_LocalEulerAnglesHint: {x: 0, y: 0, z: 0}
--- !u!33 &1569817068014301591
MeshFilter:
  m_ObjectHideFlags: 0
  m_CorrespondingSourceObject: {fileID: 0}
  m_PrefabInstance: {fileID: 0}
  m_PrefabAsset: {fileID: 0}
  m_GameObject: {fileID: 3101958615689887070}
  m_Mesh: {fileID: 8999911773206952699, guid: 67230809533d5284482054a9ec5a19c0, type: 3}
--- !u!23 &1410727852024813148
MeshRenderer:
  m_ObjectHideFlags: 0
  m_CorrespondingSourceObject: {fileID: 0}
  m_PrefabInstance: {fileID: 0}
  m_PrefabAsset: {fileID: 0}
  m_GameObject: {fileID: 3101958615689887070}
  m_Enabled: 1
  m_CastShadows: 1
  m_ReceiveShadows: 1
  m_DynamicOccludee: 1
  m_MotionVectors: 1
  m_LightProbeUsage: 1
  m_ReflectionProbeUsage: 1
  m_RenderingLayerMask: 1
  m_RendererPriority: 0
  m_Materials:
  - {fileID: 2100000, guid: 0ff366284163dae4aa12c0c8c7880af6, type: 2}
  m_StaticBatchInfo:
    firstSubMesh: 0
    subMeshCount: 0
  m_StaticBatchRoot: {fileID: 0}
  m_ProbeAnchor: {fileID: 0}
  m_LightProbeVolumeOverride: {fileID: 0}
  m_ScaleInLightmap: 1
  m_PreserveUVs: 0
  m_IgnoreNormalsForChartDetection: 0
  m_ImportantGI: 0
  m_StitchLightmapSeams: 1
  m_SelectedEditorRenderState: 3
  m_MinimumChartSize: 4
  m_AutoUVMaxDistance: 0.5
  m_AutoUVMaxAngle: 89
  m_LightmapParameters: {fileID: 0}
  m_SortingLayerID: 0
  m_SortingLayer: 0
  m_SortingOrder: 0
--- !u!1 &4639437439384538185
GameObject:
  m_ObjectHideFlags: 0
  m_CorrespondingSourceObject: {fileID: 0}
  m_PrefabInstance: {fileID: 0}
  m_PrefabAsset: {fileID: 0}
  serializedVersion: 6
  m_Component:
  - component: {fileID: 8016852266350918294}
  - component: {fileID: 1452923219732864176}
  - component: {fileID: 945519555741435705}
  m_Layer: 0
  m_Name: Circle
  m_TagString: Untagged
  m_Icon: {fileID: 0}
  m_NavMeshLayer: 0
  m_StaticEditorFlags: 0
  m_IsActive: 1
--- !u!4 &8016852266350918294
Transform:
  m_ObjectHideFlags: 0
  m_CorrespondingSourceObject: {fileID: 0}
  m_PrefabInstance: {fileID: 0}
  m_PrefabAsset: {fileID: 0}
  m_GameObject: {fileID: 4639437439384538185}
  m_LocalRotation: {x: 0.000000021855696, y: 0, z: -0, w: 1}
  m_LocalPosition: {x: -0.3006756, y: 2.4384232, z: -1.7641097}
  m_LocalScale: {x: 116.27716, y: 116.27716, z: 116.27716}
  m_Children: []
  m_Father: {fileID: 2801148297143264427}
  m_RootOrder: 0
  m_LocalEulerAnglesHint: {x: 0, y: 0, z: 0}
--- !u!33 &1452923219732864176
MeshFilter:
  m_ObjectHideFlags: 0
  m_CorrespondingSourceObject: {fileID: 0}
  m_PrefabInstance: {fileID: 0}
  m_PrefabAsset: {fileID: 0}
  m_GameObject: {fileID: 4639437439384538185}
  m_Mesh: {fileID: -2124705421725058983, guid: 67230809533d5284482054a9ec5a19c0, type: 3}
--- !u!23 &945519555741435705
MeshRenderer:
  m_ObjectHideFlags: 0
  m_CorrespondingSourceObject: {fileID: 0}
  m_PrefabInstance: {fileID: 0}
  m_PrefabAsset: {fileID: 0}
  m_GameObject: {fileID: 4639437439384538185}
  m_Enabled: 1
  m_CastShadows: 1
  m_ReceiveShadows: 1
  m_DynamicOccludee: 1
  m_MotionVectors: 1
  m_LightProbeUsage: 1
  m_ReflectionProbeUsage: 1
  m_RenderingLayerMask: 1
  m_RendererPriority: 0
  m_Materials:
  - {fileID: 2100000, guid: 0ff366284163dae4aa12c0c8c7880af6, type: 2}
  m_StaticBatchInfo:
    firstSubMesh: 0
    subMeshCount: 0
  m_StaticBatchRoot: {fileID: 0}
  m_ProbeAnchor: {fileID: 0}
  m_LightProbeVolumeOverride: {fileID: 0}
  m_ScaleInLightmap: 1
  m_PreserveUVs: 0
  m_IgnoreNormalsForChartDetection: 0
  m_ImportantGI: 0
  m_StitchLightmapSeams: 1
  m_SelectedEditorRenderState: 3
  m_MinimumChartSize: 4
  m_AutoUVMaxDistance: 0.5
  m_AutoUVMaxAngle: 89
  m_LightmapParameters: {fileID: 0}
  m_SortingLayerID: 0
  m_SortingLayer: 0
  m_SortingOrder: 0
--- !u!1 &7218815871050807075
GameObject:
  m_ObjectHideFlags: 0
  m_CorrespondingSourceObject: {fileID: 0}
  m_PrefabInstance: {fileID: 0}
  m_PrefabAsset: {fileID: 0}
  serializedVersion: 6
  m_Component:
  - component: {fileID: 5941720228717757744}
  m_Layer: 0
  m_Name: monocleLeft
  m_TagString: Untagged
  m_Icon: {fileID: 0}
  m_NavMeshLayer: 0
  m_StaticEditorFlags: 0
  m_IsActive: 0
--- !u!4 &5941720228717757744
Transform:
  m_ObjectHideFlags: 0
  m_CorrespondingSourceObject: {fileID: 0}
  m_PrefabInstance: {fileID: 0}
  m_PrefabAsset: {fileID: 0}
  m_GameObject: {fileID: 7218815871050807075}
  m_LocalRotation: {x: -0, y: 0, z: 0, w: 1}
  m_LocalPosition: {x: -0.0424, y: -0.0508, z: 0.034}
  m_LocalScale: {x: -0.02, y: 0.02, z: 0.02}
  m_Children:
  - {fileID: 1607719952286735509}
  - {fileID: 7214862568732901234}
  - {fileID: 3529023734285656423}
  m_Father: {fileID: 1661704979320905930}
  m_RootOrder: 0
  m_LocalEulerAnglesHint: {x: 0, y: 0, z: 0}
--- !u!1 &8856158472265717510
GameObject:
  m_ObjectHideFlags: 0
  m_CorrespondingSourceObject: {fileID: 0}
  m_PrefabInstance: {fileID: 0}
  m_PrefabAsset: {fileID: 0}
  serializedVersion: 6
  m_Component:
  - component: {fileID: 7214862568732901234}
  - component: {fileID: 725203840382186128}
  - component: {fileID: 1661704977651019635}
  - component: {fileID: 1661704977651019634}
  m_Layer: 0
  m_Name: Circle.001
  m_TagString: Untagged
  m_Icon: {fileID: 0}
  m_NavMeshLayer: 0
  m_StaticEditorFlags: 0
  m_IsActive: 1
--- !u!4 &7214862568732901234
Transform:
  m_ObjectHideFlags: 0
  m_CorrespondingSourceObject: {fileID: 0}
  m_PrefabInstance: {fileID: 0}
  m_PrefabAsset: {fileID: 0}
  m_GameObject: {fileID: 8856158472265717510}
  m_LocalRotation: {x: 0.000000021855694, y: 0, z: -0, w: 1}
  m_LocalPosition: {x: 2.35, y: 2.4384232, z: -1.7641097}
  m_LocalScale: {x: -100, y: 100, z: 100}
  m_Children: []
  m_Father: {fileID: 5941720228717757744}
  m_RootOrder: 1
  m_LocalEulerAnglesHint: {x: 0, y: 0, z: 0}
--- !u!33 &725203840382186128
MeshFilter:
  m_ObjectHideFlags: 0
  m_CorrespondingSourceObject: {fileID: 0}
  m_PrefabInstance: {fileID: 0}
  m_PrefabAsset: {fileID: 0}
  m_GameObject: {fileID: 8856158472265717510}
  m_Mesh: {fileID: 8314571269056883277, guid: 67230809533d5284482054a9ec5a19c0, type: 3}
--- !u!183 &1661704977651019635
Cloth:
  m_ObjectHideFlags: 0
  m_CorrespondingSourceObject: {fileID: 0}
  m_PrefabInstance: {fileID: 0}
  m_PrefabAsset: {fileID: 0}
  m_GameObject: {fileID: 8856158472265717510}
  m_Enabled: 1
  m_StretchingStiffness: 1
  m_BendingStiffness: 1
  m_UseTethers: 0
  m_UseGravity: 1
  m_Damping: 0.3
  m_ExternalAcceleration: {x: 0, y: 0, z: 0}
  m_RandomAcceleration: {x: 0, y: 0, z: 0}
  m_WorldVelocityScale: 0.5
  m_WorldAccelerationScale: 1
  m_Friction: 0.7
  m_CollisionMassScale: 0
  m_UseContinuousCollision: 1
  m_UseVirtualParticles: 1
  m_SolverFrequency: 120
  m_SleepThreshold: 0.2
  m_Coefficients:
  - maxDistance: 0
    collisionSphereDistance: 0
  - maxDistance: 0
    collisionSphereDistance: 0
  - maxDistance: 0
    collisionSphereDistance: 0
  - maxDistance: 0
    collisionSphereDistance: 0
  - maxDistance: 0
    collisionSphereDistance: 0
  - maxDistance: 0
    collisionSphereDistance: 0
  - maxDistance: 0
    collisionSphereDistance: 0
  - maxDistance: 0
    collisionSphereDistance: 0
  - maxDistance: 0
    collisionSphereDistance: 0
  - maxDistance: 0
    collisionSphereDistance: 0
  - maxDistance: 0
    collisionSphereDistance: 0
  - maxDistance: 0
    collisionSphereDistance: 0
  - maxDistance: 0
    collisionSphereDistance: 0
  - maxDistance: 0
    collisionSphereDistance: 0
  - maxDistance: 0.1
    collisionSphereDistance: 3.4028235e+38
  - maxDistance: 0.1
    collisionSphereDistance: 3.4028235e+38
  - maxDistance: 0.1
    collisionSphereDistance: 3.4028235e+38
  - maxDistance: 0.1
    collisionSphereDistance: 3.4028235e+38
  - maxDistance: 0.1
    collisionSphereDistance: 3.4028235e+38
  - maxDistance: 0.1
    collisionSphereDistance: 3.4028235e+38
  - maxDistance: 0.1
    collisionSphereDistance: 3.4028235e+38
  - maxDistance: 0.1
    collisionSphereDistance: 3.4028235e+38
  - maxDistance: 0.1
    collisionSphereDistance: 3.4028235e+38
  - maxDistance: 0.1
    collisionSphereDistance: 3.4028235e+38
  - maxDistance: 0.1
    collisionSphereDistance: 3.4028235e+38
  - maxDistance: 0.1
    collisionSphereDistance: 3.4028235e+38
  - maxDistance: 0.1
    collisionSphereDistance: 3.4028235e+38
  - maxDistance: 0.1
    collisionSphereDistance: 3.4028235e+38
  - maxDistance: 0.1
    collisionSphereDistance: 3.4028235e+38
  - maxDistance: 0.1
    collisionSphereDistance: 3.4028235e+38
  - maxDistance: 0.1
    collisionSphereDistance: 3.4028235e+38
  - maxDistance: 0.1
    collisionSphereDistance: 3.4028235e+38
  - maxDistance: 0.1
    collisionSphereDistance: 3.4028235e+38
  - maxDistance: 0.1
    collisionSphereDistance: 3.4028235e+38
  - maxDistance: 0.1
    collisionSphereDistance: 3.4028235e+38
  - maxDistance: 0.1
    collisionSphereDistance: 3.4028235e+38
  - maxDistance: 0.1
    collisionSphereDistance: 3.4028235e+38
  - maxDistance: 0.1
    collisionSphereDistance: 3.4028235e+38
  - maxDistance: 0.1
    collisionSphereDistance: 3.4028235e+38
  - maxDistance: 0.1
    collisionSphereDistance: 3.4028235e+38
  - maxDistance: 0.1
    collisionSphereDistance: 3.4028235e+38
  - maxDistance: 0.1
    collisionSphereDistance: 3.4028235e+38
  - maxDistance: 0.1
    collisionSphereDistance: 3.4028235e+38
  - maxDistance: 0.1
    collisionSphereDistance: 3.4028235e+38
  - maxDistance: 0.1
    collisionSphereDistance: 3.4028235e+38
  - maxDistance: 0.1
    collisionSphereDistance: 3.4028235e+38
  - maxDistance: 0.1
    collisionSphereDistance: 3.4028235e+38
  - maxDistance: 0.1
    collisionSphereDistance: 3.4028235e+38
  - maxDistance: 0.1
    collisionSphereDistance: 3.4028235e+38
  - maxDistance: 0.1
    collisionSphereDistance: 3.4028235e+38
  - maxDistance: 0.1
    collisionSphereDistance: 3.4028235e+38
  - maxDistance: 0.1
    collisionSphereDistance: 3.4028235e+38
  - maxDistance: 0.1
    collisionSphereDistance: 3.4028235e+38
  - maxDistance: 0.1
    collisionSphereDistance: 3.4028235e+38
  - maxDistance: 0.1
    collisionSphereDistance: 3.4028235e+38
  - maxDistance: 0.1
    collisionSphereDistance: 3.4028235e+38
  - maxDistance: 0.1
    collisionSphereDistance: 3.4028235e+38
  - maxDistance: 0.1
    collisionSphereDistance: 3.4028235e+38
  - maxDistance: 0.1
    collisionSphereDistance: 3.4028235e+38
  - maxDistance: 0.1
    collisionSphereDistance: 3.4028235e+38
  - maxDistance: 0.1
    collisionSphereDistance: 3.4028235e+38
  - maxDistance: 0.1
    collisionSphereDistance: 3.4028235e+38
  - maxDistance: 0.1
    collisionSphereDistance: 3.4028235e+38
  - maxDistance: 0.1
    collisionSphereDistance: 3.4028235e+38
  - maxDistance: 0.1
    collisionSphereDistance: 3.4028235e+38
  - maxDistance: 0.1
    collisionSphereDistance: 3.4028235e+38
  - maxDistance: 0
    collisionSphereDistance: 0
  - maxDistance: 0
    collisionSphereDistance: 0
  - maxDistance: 0
    collisionSphereDistance: 0
  - maxDistance: 0
    collisionSphereDistance: 0
  - maxDistance: 0
    collisionSphereDistance: 0
  - maxDistance: 0
    collisionSphereDistance: 0
  - maxDistance: 0.1
    collisionSphereDistance: 3.4028235e+38
  - maxDistance: 0.1
    collisionSphereDistance: 3.4028235e+38
  - maxDistance: 0.1
    collisionSphereDistance: 3.4028235e+38
  - maxDistance: 0.1
    collisionSphereDistance: 3.4028235e+38
  - maxDistance: 0.1
    collisionSphereDistance: 3.4028235e+38
  - maxDistance: 0.1
    collisionSphereDistance: 3.4028235e+38
  - maxDistance: 0.1
    collisionSphereDistance: 3.4028235e+38
  - maxDistance: 0.1
    collisionSphereDistance: 3.4028235e+38
  - maxDistance: 0.1
    collisionSphereDistance: 3.4028235e+38
  - maxDistance: 0.1
    collisionSphereDistance: 3.4028235e+38
  - maxDistance: 0.1
    collisionSphereDistance: 3.4028235e+38
  - maxDistance: 0.1
    collisionSphereDistance: 3.4028235e+38
  - maxDistance: 0.1
    collisionSphereDistance: 3.4028235e+38
  - maxDistance: 0.1
    collisionSphereDistance: 3.4028235e+38
  - maxDistance: 0.1
    collisionSphereDistance: 3.4028235e+38
  - maxDistance: 0.1
    collisionSphereDistance: 3.4028235e+38
  - maxDistance: 0.1
    collisionSphereDistance: 3.4028235e+38
  - maxDistance: 0.1
    collisionSphereDistance: 3.4028235e+38
  - maxDistance: 0.1
    collisionSphereDistance: 3.4028235e+38
  - maxDistance: 0.1
    collisionSphereDistance: 3.4028235e+38
  - maxDistance: 0.1
    collisionSphereDistance: 3.4028235e+38
  - maxDistance: 0.1
    collisionSphereDistance: 3.4028235e+38
  - maxDistance: 0.1
    collisionSphereDistance: 3.4028235e+38
  - maxDistance: 0.1
    collisionSphereDistance: 3.4028235e+38
  - maxDistance: 0.1
    collisionSphereDistance: 3.4028235e+38
  - maxDistance: 0.1
    collisionSphereDistance: 3.4028235e+38
  - maxDistance: 0.1
    collisionSphereDistance: 3.4028235e+38
  - maxDistance: 0.1
    collisionSphereDistance: 3.4028235e+38
  - maxDistance: 0.1
    collisionSphereDistance: 3.4028235e+38
  - maxDistance: 0.1
    collisionSphereDistance: 3.4028235e+38
  - maxDistance: 0.1
    collisionSphereDistance: 3.4028235e+38
  - maxDistance: 0.1
    collisionSphereDistance: 3.4028235e+38
  - maxDistance: 0.1
    collisionSphereDistance: 3.4028235e+38
  - maxDistance: 0.1
    collisionSphereDistance: 3.4028235e+38
  - maxDistance: 0.1
    collisionSphereDistance: 3.4028235e+38
  - maxDistance: 0.1
    collisionSphereDistance: 3.4028235e+38
  - maxDistance: 0.1
    collisionSphereDistance: 3.4028235e+38
  - maxDistance: 0.1
    collisionSphereDistance: 3.4028235e+38
  - maxDistance: 0.1
    collisionSphereDistance: 3.4028235e+38
  - maxDistance: 0.1
    collisionSphereDistance: 3.4028235e+38
  - maxDistance: 0.1
    collisionSphereDistance: 3.4028235e+38
  - maxDistance: 0.1
    collisionSphereDistance: 3.4028235e+38
  - maxDistance: 0.1
    collisionSphereDistance: 3.4028235e+38
  - maxDistance: 0.1
    collisionSphereDistance: 3.4028235e+38
  - maxDistance: 0.1
    collisionSphereDistance: 3.4028235e+38
  - maxDistance: 0.1
    collisionSphereDistance: 3.4028235e+38
  - maxDistance: 0.1
    collisionSphereDistance: 3.4028235e+38
  - maxDistance: 0.1
    collisionSphereDistance: 3.4028235e+38
  - maxDistance: 0.1
    collisionSphereDistance: 3.4028235e+38
  - maxDistance: 0.1
    collisionSphereDistance: 3.4028235e+38
  - maxDistance: 0.1
    collisionSphereDistance: 3.4028235e+38
  - maxDistance: 0.1
    collisionSphereDistance: 3.4028235e+38
  - maxDistance: 0
    collisionSphereDistance: 0
  - maxDistance: 0
    collisionSphereDistance: 0
  - maxDistance: 0
    collisionSphereDistance: 0
  - maxDistance: 0
    collisionSphereDistance: 0
  - maxDistance: 0
    collisionSphereDistance: 0
  - maxDistance: 0
    collisionSphereDistance: 0
  - maxDistance: 0
    collisionSphereDistance: 0
  - maxDistance: 0
    collisionSphereDistance: 0
  - maxDistance: 0
    collisionSphereDistance: 0
  - maxDistance: 0
    collisionSphereDistance: 0
  - maxDistance: 0
    collisionSphereDistance: 0
  - maxDistance: 0
    collisionSphereDistance: 0
  m_CapsuleColliders: []
  m_SphereColliders: []
  m_SelfCollisionDistance: 0
  m_SelfCollisionStiffness: 1
  m_SelfAndInterCollisionIndices: 
  m_VirtualParticleWeights:
  - {x: 0.33333334, y: 0.33333334, z: 0.33333334}
  - {x: 0.6666667, y: 0.16666667, z: 0.16666667}
  - {x: 0.5, y: 0.5, z: 0}
  - {x: 0.33333334, y: 0.33333334, z: 0.33333334}
  - {x: 0.6666667, y: 0.16666667, z: 0.16666667}
  - {x: 0.5, y: 0.5, z: 0}
  - {x: 0.33333334, y: 0.33333334, z: 0.33333334}
  - {x: 0.6666667, y: 0.16666667, z: 0.16666667}
  - {x: 0.5, y: 0.5, z: 0}
  m_VirtualParticleIndices: 
--- !u!137 &1661704977651019634
SkinnedMeshRenderer:
  m_ObjectHideFlags: 0
  m_CorrespondingSourceObject: {fileID: 0}
  m_PrefabInstance: {fileID: 0}
  m_PrefabAsset: {fileID: 0}
  m_GameObject: {fileID: 8856158472265717510}
  m_Enabled: 1
  m_CastShadows: 1
  m_ReceiveShadows: 1
  m_DynamicOccludee: 1
  m_MotionVectors: 1
  m_LightProbeUsage: 1
  m_ReflectionProbeUsage: 1
  m_RenderingLayerMask: 1
  m_RendererPriority: 0
  m_Materials:
  - {fileID: 2100000, guid: 11323df7aed27e64e9097cde8258069a, type: 2}
  m_StaticBatchInfo:
    firstSubMesh: 0
    subMeshCount: 0
  m_StaticBatchRoot: {fileID: 0}
  m_ProbeAnchor: {fileID: 0}
  m_LightProbeVolumeOverride: {fileID: 0}
  m_ScaleInLightmap: 1
  m_PreserveUVs: 0
  m_IgnoreNormalsForChartDetection: 0
  m_ImportantGI: 0
  m_StitchLightmapSeams: 1
  m_SelectedEditorRenderState: 3
  m_MinimumChartSize: 4
  m_AutoUVMaxDistance: 0.5
  m_AutoUVMaxAngle: 89
  m_LightmapParameters: {fileID: 0}
  m_SortingLayerID: 0
  m_SortingLayer: 0
  m_SortingOrder: 0
  serializedVersion: 2
  m_Quality: 0
  m_UpdateWhenOffscreen: 0
  m_SkinnedMotionVectors: 1
  m_Mesh: {fileID: 8314571269056883277, guid: 67230809533d5284482054a9ec5a19c0, type: 3}
  m_Bones: []
  m_BlendShapeWeights: []
  m_RootBone: {fileID: 0}
  m_AABB:
    m_Center: {x: 0.013160743, y: -0.041195236, z: -0.0015234225}
    m_Extent: {x: 0.000648953, y: 0.02914884, z: 0.0024398274}
  m_DirtyAABB: 0
